@article{EG61,
	author = {Erd\H{o}s, Paul and Gallai, Tibor},
	file = {},
	isbn = {},
	issn = {},
	journal = {Magyar Tud. Akad. Mat. Kutat\'{o} Int. K\"{o}zl.},
	number = {},
	pages = {181--203},
	pmid = {},
	title = {{On the minimal number of vertices representing the edges of a graph}},
	volume = {6},
	year = {1961}
}

@article{EHM64,
	author = {{Erd\H{o}s}, Paul and Hajnal, Andr\'{a}s and Moon, John W.},
	file = {},
	isbn = {},
	issn = {},
	journal = {Amer. Math. Monthly},
	number = {},
	pages = {1107--1110},
	pmid = {},
	title = {{A problem in graph theory}},
	volume = {71},
	year = {1964}
}

@article{Haj65,
	author = {Hajnal, {Andr\'{a}s}},
	file = {},
	isbn = {},
	issn = {},
	journal = {Canad. J. Math.},
	number = {},
	pages = {720--724},
	pmid = {},
	title = {{A theorem on $k$-saturated graphs}},
	volume = {17},
	year = {1965}
}

@article{KT86,
	author = {{K\'{a}szonyi}, {L\'{a}szl\'{o}} and Tuza, Zsolt},
	file = {},
	isbn = {},
	issn = {},
	journal = {J. Graph Theory},
	number = {2},
	pages = {203--210},
	pmid = {},
	title = {{Saturated graphs with minimal number of edges}},
	volume = {10},
	year = {1986}
}

